@InProceedings{10.1007/978-3-642-24455-1_33,
author="Tokic, Michel
and Palm, G{\"u}nther",
editor="Bach, Joscha
and Edelkamp, Stefan",
title="Value-Difference Based Exploration: Adaptive Control between Epsilon-Greedy and Softmax",
booktitle="KI 2011: Advances in Artificial Intelligence",
year="2011",
publisher="Springer Berlin Heidelberg",
address="Berlin, Heidelberg",
pages="335--346",
abstract="This paper proposes ``Value-Difference Based Exploration combined with Softmax action selection'' (VDBE-Softmax) as an adaptive exploration/exploitation policy for temporal-difference learning. The advantage of the proposed approach is that exploration actions are only selected in situations when the knowledge about the environment is uncertain, which is indicated by fluctuating values during learning. The method is evaluated in experiments having deterministic rewards and a mixture of both deterministic and stochastic rewards. The results show that a VDBE-Softmax policy can outperform $\epsilon$-greedy, Softmax and VDBE policies in combination with on- and off-policy learning algorithms such as Q-learning and Sarsa. Furthermore, it is also shown that VDBE-Softmax is more reliable in case of value-function oscillations.",
isbn="978-3-642-24455-1"
}

@phdthesis{coulom:tel-00003985,
  TITLE = {{Reinforcement Learning Using Neural Networks, with Applications to Motor Control}},
  AUTHOR = {Coulom, R{\'e}mi},
  URL = {https://theses.hal.science/tel-00003985},
  SCHOOL = {{Institut National Polytechnique de Grenoble - INPG}},
  YEAR = {2002},
  MONTH = Jun,
  KEYWORDS = {Reinforcement learning ; neural networks ; motor control ; optimal control ; Apprentissage par renforcement ; r{\'e}seaux de neurones ; contr{\^o}le moteur ; commande optimale},
  TYPE = {Theses},
  PDF = {https://theses.hal.science/tel-00003985/file/tel-00003985.pdf},
  HAL_ID = {tel-00003985},
  HAL_VERSION = {v1},
}

@online{godot,
key="Godot Engine",
title="Página oficial de {Godot}",
url="https://godotengine.org/"}

@online{
    godot-no-visual,
    key="Godot: Eliminación lenguaje visual",
    title="Enlace a la noticia sobre la eliminación del lenguaje visual en Godot",
    url="https://godotengine.org/article/godot-4-will-discontinue-visual-scripting/"
}

@online{
    unity,
    key="Unity Engine",
    title="Página oficial de {Unity}",
    url="https://unity.com/"
}

@online{
    unreal,
    key="Unreal Engine",
    title="Página oficial de {Unreal Engine}",
    url="https://www.unrealengine.com/en-US/unreal-engine-5"
}

@online{
    unreal-logo,
    key="Logotipo de Unreal Engine",
    title="Logotipo de {Unreal Engine}",
    url="https://www.unrealengine.com/en-US/branding"
}

@online{
    godot-logo,
    key="Logotipo de Godot",
    title="Logotipo de {Godot}",
    url="https://godotengine.org/press/"
}

@misc{ enwiki:1140258750,
    author = "{Wikipedia contributors}",
    title = "Ziegler–Nichols method --- {Wikipedia}{,} The Free Encyclopedia",
    year = "2023",
    url = "https://en.wikipedia.org/w/index.php?title=Ziegler%E2%80%93Nichols_method&oldid=1140258750",
}

@misc{ enwiki:1141636554,
    author = "{Wikipedia contributors}",
    title = "Fitness proportionate selection --- {Wikipedia}{,} The Free Encyclopedia",
    year = "2023",
    url = "https://en.wikipedia.org/w/index.php?title=Fitness_proportionate_selection&oldid=1141636554",
}

@online{ tablero-trello,
    title = "Tablero de ejemplo de {Trello}",
    key = "Trello, tablero",
    url = "https://trello.com/es/tour"
}

@online{ trello,
    title = "Página oficial de {Trello}",
    key = "Trello, página oficial",
    url = "https://trello.com/home"
}

  @misc{ enwiki:1152315016,
    author = "{Wikipedia contributors}",
    title = "A* search algorithm --- {Wikipedia}{,} The Free Encyclopedia",
    year = "2023",
    howpublished = "\url{https://en.wikipedia.org/w/index.php?title=A*_search_algorithm&oldid=1152315016}",
  }

  @online{ a-star,
  author = "{Red Blob Games}",
  title = "Implementation of {A}*",
  url = "https://www.redblobgames.com/pathfinding/a-star/implementation.html#python-astar"
  }

@inproceedings{Chen2007PriorityQA,
  title={Priority Queues and Dijkstra ’ s Algorithm},
  author={Mo Chen and Rezaul Alam Chowdhury and Vijaya Ramachandran and D L Roche and Lin Tong},
  year={2007}
}

  @misc{ enwiki:1149051498,
    author = "{Wikipedia contributors}",
    title = "Chebyshev distance --- {Wikipedia}{,} The Free Encyclopedia",
    year = "2023",
    howpublished = "\url{https://en.wikipedia.org/w/index.php?title=Chebyshev_distance&oldid=1149051498}",
  }